@article{candes2011robust,
	title={Robust principal component analysis?},
	author={Cand{\`e}s, Emmanuel J and Li, Xiaodong and Ma, Yi and Wright, John},
	journal={Journal of the ACM (JACM)},
	volume={58},
	number={3},
	pages={1--37},
	year={2011},
	publisher={ACM New York, NY, USA}
}